@manual{vishay_tcrt5000_1,
  title={Reflective Optical Sensor with Transistor Output},
  author={{Vishay Semiconductors}},
  organization={Vishay Semiconductors},
  year={2017},
  month={January},
  url={https://www.vishay.com/docs/83760/tcrt5000.pdf},
  urldate={2025-09-19}
},

@manual{vishay_tcrt5000_2,
  title={Application of Optical Reflex Sensors},
  author={{Vishay Semiconductors}},
  organization={Vishay Semiconductors},
  year={2017},
  month={January},
  url={https://www.vishay.com/docs/80107/80107.pdf},
  urldate={2025-09-19}
},

@manual{lm2596,
  title={LM2596 Simple SwitcherÂ® Power Converter 3A Step-Down Voltage Regulator},
  author={{Texas Instruments}},
  organization={Texas Instruments},
  year={2023},
  month={March},
  url={https://www.ti.com/lit/ds/symlink/lm2596.pdf},
  urldate={2025-09-19}
},